@book{smith2008penguins,
  author    = {Smith, John},
  title     = {Penguins: A Comprehensive Guide},
  year      = {2008},
  publisher = {Penguin Publications},
}

@article{jones2015penguinbehavior,
  author  = {Jones, Emily},
  title   = {Behavioral Patterns in Penguins},
  journal = {Journal of Ornithology},
  year    = {2015},
  volume  = {42},
  number  = {3},
  pages   = {321--335},
}

@online{wwf2020penguinconservation,
  author       = {World Wildlife Fund},
  title        = {Penguin Conservation Efforts},
  year         = {2020},
  url          = {https://www.worldwildlife.org/species/penguin},
  organization = {World Wildlife Fund},
}

@book{davis2012penguinspecies,
  author    = {Davis, Sarah},
  title     = {Penguin Species of the World},
  year      = {2012},
  publisher = {Nature Books},
}

@website{penguinresearchinst,
  author      = {Penguin Research Institute},
  title       = {Penguin Research and Studies},
  year        = {2021},
  url         = {http://www.penguinresearchinstitute.org/},
  note        = {Accessed on August 22, 2023},
}